<?xml version="1.0" encoding="UTF-8"?><collection xmlns="http://www.loc.gov/MARC21/slim"><record><leader>00379nam--2200145-i-4500</leader><controlfield tag="001">000046012</controlfield><controlfield tag="002">20161230</controlfield><controlfield tag="005">20161230201045</controlfield><controlfield tag="008">060222s1000------------r-----000-0-eng-d</controlfield><datafield ind1=" " ind2=" " tag="080"><subfield code="a">547.7</subfield></datafield><datafield ind1=" " ind2=" " tag="100"><subfield code="a">Van Der Plas, H.C</subfield></datafield><datafield ind1=" " ind2=" " tag="245"><subfield code="a">Ring transformations of heterocycles</subfield></datafield><datafield ind1=" " ind2=" " tag="260"><subfield code="a">London, Acad.Press, 1973, Xvi+484p</subfield></datafield><datafield ind1=" " ind2=" " tag="490"><subfield code="a">Organic Chemistry Of Monographs</subfield></datafield><datafield ind1=" " ind2=" " tag="852"><subfield code="a">39825</subfield></datafield></record></collection>